<?xml version="1.0" encoding="UTF-8"?><collection xmlns="http://www.loc.gov/MARC21/slim"><record><leader>00528nam--2200193-u-4500</leader><controlfield tag="001">000055686</controlfield><controlfield tag="002">20161230</controlfield><controlfield tag="005">20161230201052</controlfield><controlfield tag="008">130327s1000------------r-----000-0-ger-d</controlfield><datafield ind1=" " ind2=" " tag="040"><subfield code="a">IFIN-HH</subfield></datafield><datafield ind1=" " ind2=" " tag="041"><subfield code="a">ger</subfield></datafield><datafield ind1=" " ind2=" " tag="080"><subfield code="a">530.12</subfield></datafield><datafield ind1="1" ind2=" " tag="100"><subfield code="a">Papapetrou, Achilles</subfield></datafield><datafield ind1="1" ind2="0" tag="245"><subfield code="a">Spezielle relativitatstheorie</subfield><subfield code="c">Achilles papapetrou</subfield></datafield><datafield ind1=" " ind2=" " tag="260"><subfield code="a">Berlin</subfield><subfield code="b">Veb Deutscher Verlag Der Wissenschaften</subfield><subfield code="c">1957</subfield></datafield><datafield ind1=" " ind2=" " tag="300"><subfield code="a">170P</subfield></datafield><datafield ind1=" " ind2=" " tag="490"><subfield code="a">Hochschulbucher Fur Physik</subfield><subfield code="v">Band 24</subfield></datafield><datafield ind1=" " ind2=" " tag="852"><subfield code="a">11924</subfield><subfield code="c">H.H</subfield></datafield><datafield ind1=" " ind2=" " tag="CAT"><subfield code="a">Sys</subfield><subfield code="c">20130327</subfield><subfield code="h">174653</subfield></datafield></record></collection>